@inproceedings{DBLP:conf/concur/InversoMPTT20,
  author    = {Omar Inverso and
               Hern{\'{a}}n C. Melgratti and
               Luca Padovani and
               Catia Trubiani and
               Emilio Tuosto},
  editor    = {Igor Konnov and
               Laura Kov{\'{a}}cs},
  title     = {Probabilistic Analysis of Binary Sessions},
  booktitle = {31st International Conference on Concurrency Theory, {CONCUR} 2020,
               September 1-4, 2020, Vienna, Austria (Virtual Conference)},
  series    = {LIPIcs},
  volume    = {171},
  pages     = {14:1--14:21},
  publisher = {Schloss Dagstuhl - Leibniz-Zentrum f{\"{u}}r Informatik},
  year      = {2020},
  url       = {https://doi.org/10.4230/LIPIcs.CONCUR.2020.14},
  doi       = {10.4230/LIPIcs.CONCUR.2020.14},
  timestamp = {Mon, 21 Dec 2020 13:23:22 +0100},
  biburl    = {https://dblp.org/rec/conf/concur/InversoMPTT20.bib},
  bibsource = {dblp computer science bibliography, https://dblp.org}
}

@article{DBLP:journals/jfp/Padovani17,
  author    = {Luca Padovani},
  title     = {A simple library implementation of binary sessions},
  journal   = {J. Funct. Program.},
  volume    = {27},
  pages     = {e4},
  year      = {2017},
  url       = {https://doi.org/10.1017/S0956796816000289},
  doi       = {10.1017/S0956796816000289},
  timestamp = {Fri, 02 Nov 2018 09:31:48 +0100},
  biburl    = {https://dblp.org/rec/journals/jfp/Padovani17.bib},
  bibsource = {dblp computer science bibliography, https://dblp.org}
}